@misc{linguagemc2023,
  author = {Linguagem C},
  title = {Funções em C},
  year = {2023},
  url = {https://linguagemc.com.br/funcoes-em-c/},
  note = {Acesso em 8 de novembro de 2023}
}

@misc{itsfoss2023,
  title={How to Run C Program on Linux},
  author={Amit Agarwal},
  publisher={ItsFoss},
  year={2023},
  url={https://itsfoss.com/run-c-program-linux/}
}

@misc{gcc2023,
  title={Downloading and Installing GCC},
  author={The GNU Project},
  publisher={GNU Project},
  year={2023},
  url={https://gcc.gnu.org/install/download.html}
}

@book{sebesta2018conceitos,
  title={Conceitos de Linguagens de Programa{\c{c}}{\~a}o-11},
  author={Sebesta, Robert W},
  year={2018},
  publisher={Bookman Editora}
}

@misc{codeblocks,
  title = {Code::Blocks},
  author = {The Code::Blocks Team},
  url = {https://www.codeblocks.org/},
  year = {2023}
}
